@inproceedings{important-paper,
  author    = {Doe, John and Smith, John},
  title     = {Paper title},
  booktitle = {Proceedings of the Big Conf},
  year      = 2017,
  month     = jun,
  pages     = {185--200},
  doi       = {https://doi.org/doi/reference/number}
}

@online{important-url,
  title   = "What is TLS",
  url  =  "https://www.internetsociety.org/deploy360/tls/basics/",
  addendum = "(visitato il: 12.2023)",
}
@online{url,
    title = "TLS-Attacker",
    url  = "https://owasp.org/www-pdf-archive/GOD16-Jurai.pdf",
    addendum = "(visitato il: 12.2023)",
}
